<record><leader>00000cas a22000007a 4500</leader><controlfield tag="001">11719135</controlfield><controlfield tag="008">850221d19391940mtuwr ne      0    0eng d</controlfield><datafield ind1=" " ind2=" " tag="010"><subfield code="a">sn 85053050 </subfield></datafield><datafield ind1=" " ind2=" " tag="040"><subfield code="a">MTL</subfield><subfield code="b">eng</subfield><subfield code="c">MTL</subfield><subfield code="d">OCLCQ</subfield></datafield><datafield ind1=" " ind2=" " tag="042"><subfield code="a">msc</subfield></datafield><datafield ind1="0" ind2=" " tag="130"><subfield code="a">Montana review (Columbia Falls, Mont.)</subfield></datafield><datafield ind1="1" ind2="0" tag="245"><subfield code="a">Montana review.</subfield></datafield><datafield ind1=" " ind2=" " tag="260"><subfield code="a">Columbia Falls, Mont. :</subfield><subfield code="b">T.D. Caverly,</subfield><subfield code="c">1939-1940.</subfield></datafield><datafield ind1=" " ind2=" " tag="300"><subfield code="a">3 v. :</subfield><subfield code="b">ill. ;</subfield><subfield code="c">43-62 cm.</subfield></datafield><datafield ind1=" " ind2=" " tag="310"><subfield code="a">Weekly</subfield></datafield><datafield ind1="0" ind2=" " tag="362"><subfield code="a">Vol. 8, no. 39 (Mar. 9, 1939)-v. 10, no. 27 (Oct. 3, 1940).</subfield></datafield><datafield ind1=" " ind2=" " tag="500"><subfield code="a">"One of Montana's few liberal progressive newspapers ... a statewide independent weekly newspaper."</subfield></datafield><datafield ind1=" " ind2=" " tag="500"><subfield code="a">Place of publication varies: published at Columbia Falls Mar. 9, 1939-Apr. 11, 1940 and at Cut Bank Apr. 18-Oct. 3, 1940.</subfield></datafield><datafield ind1=" " ind2=" " tag="752"><subfield code="a">United States</subfield><subfield code="b">Montana</subfield><subfield code="c">Flathead</subfield><subfield code="d">Columbia Falls.</subfield></datafield><datafield ind1=" " ind2=" " tag="752"><subfield code="a">United States</subfield><subfield code="b">Montana</subfield><subfield code="c">Glacier</subfield><subfield code="d">Cut Bank.</subfield></datafield><datafield ind1="0" ind2="0" tag="780"><subfield code="t">Columbia Falls review</subfield><subfield code="w">(DLC)sn 85053049</subfield></datafield></record>